% Encoding: UTF-8

%%%
%
%Beim Erstellen der Bibtex-Datei wird empfohlen darauf zu achten, dass die DOI aufgeführt wird.
%
%%%

@book{eckert2013sicherheit,
  title={IT-Sicherheit: Konzepte-Verfahren-Protokolle},
  author={Eckert, Claudia},
  year={2013},
  publisher={Walter de Gruyter}
}

@book{furnell2008securing,
  title={Securing information and communications systems: Principles, technologies, and applications},
  author={Furnell, Steven},
  year={2008},
  publisher={Artech House}
}

@book{bues2013offene,
  title={Offene Systeme: Strategien, Konzepte und Techniken für das Informationsmanagement},
  author={Bues, Manfred},
  year={1994},
  publisher={Springer-Verlag}
}

@book{wheeler2013offene,
  title={Offene Systeme: ein grundlegendes Handbuch für das praktische DV-Management},
  author={Wheeler, Tom},
  year={2013},
  publisher={Springer-Verlag}
}

@book{blieberger2013informatik,
  title={Informatik},
  author={Blieberger, Johann and Klasek, Johann and Redlein, Alexander and Schildt, Gerhard-Helge},
  year={2013},
  publisher={Springer-Verlag}
}

@book{broy2013informatik,
  title={Informatik Eine grundlegende Einf{\"u}hrung: Band 1: Programmierung und Rechnerstrukturen},
  author={Broy, Manfred},
  volume={1},
  year={2013},
  publisher={Springer-Verlag}
}

@book{WSPA,
author={Sanjiva Weerawarana and Francisco Curbera and Frank Leymann and Tony Storey and Donald F. Ferguson},
title={Web Services Platform Architecture : SOAP, WSDL, WS-Policy, WS-Addressing, WS-BPEL, WS-Reliable Messaging, and More},
year={2005},
price={$31.49},
publisher={Prentice Hall PTR},
isbn={0131488740},
doi = {10.1.1/jpb001}
}


% !! DO NOT USE `label =   {ASF}` in other Misc entries !!

@Misc{ApacheODE,
  author = {{The Apache Software Foundation}},
  title =  {Apache ODE\texttrademark{} -- The Orchestration Director Engine},
  year =   {2016},
  label =  {ASF},
  url =    {http://ode.apache.org}
}

@Article{RVvdA2016,
  author =    {H.A. Reijers and I. Vanderfeesten and W.M.P. van der Aalst},
  title =     {The effectiveness of workflow management systems: A longitudinal study},
  journal =   {International Journal of Information Management},
  year =      {2016},
  volume =    {36},
  number =    {1},
  pages =     {126--141},
  month =     feb,
  doi =       {10.1016/j.ijinfomgt.2015.08.003},
  publisher = {Elsevier {BV}}
}

@Comment{jabref-meta: databaseType:biblatex;}
