@book{eckert2013sicherheit,
	title={IT-Sicherheit: Konzepte-Verfahren-Protokolle},
	author={Eckert, Claudia},
	year={2013},
	publisher={Walter de Gruyter}
}

@book{furnell2008securing,
	title={Securing information and communications systems: Principles, technologies, and applications},
	author={Furnell, Steven},
	year={2008},
	publisher={Artech House}
}

@book{bues2013offene,
	title={Offene Systeme: Strategien, Konzepte und Techniken für das Informationsmanagement},
	author={Bues, Manfred},
	year={1994},
	publisher={Springer-Verlag}
}

@book{wheeler2013offene,
	title={Offene Systeme: ein grundlegendes Handbuch für das praktische DV-Management},
	author={Wheeler, Tom},
	year={2013},
	publisher={Springer-Verlag}
}

@book{blieberger2013informatik,
	title={Informatik},
	author={Blieberger, Johann and Klasek, Johann and Redlein, Alexander and Schildt, Gerhard-Helge},
	year={2013},
	publisher={Springer-Verlag}
}

@book{broy2013informatik,
	title={Informatik Eine grundlegende Einführung: Band 1: Programmierung und Rechnerstrukturen},
	author={Broy, Manfred},
	volume={1},
	year={2013},
	publisher={Springer-Verlag}
}

@Misc{infstd,
	author = {{Bildungsstandards Informatik}},
	title =  {Information und Daten},
	year =   {2008},
	label =  {BSI},
	url =    {https://www.informatikstandards.de/index.htm?section=standards&page_id=10}
}

@Misc{so18tech,
	author = {{Eric Weis}},
	title =  {{Was ist der Unterschied zwischen IT Sicherheit und Informationssicherheit}},
	year =   {2018},
	label =  {STS},
	url = {https://www.brandmauer.de/blog/it-security/unterschied-it-sicherheit-und-informationssicherheit}
}

@article{hoepner2014trends,
	title={Safety und Security aus dem Blickwinkel der öffentlichen IT},
	author={Menz, Nadja and  Hoepner, Petra and Tiemann, Jens and Koußen, Frank},
	journal={Kompetenzzentrum Öffentliche IT},
	year={2015},
	publisher={Fraunhofer-Institut für Offene Kommunikationssysteme FOKUS}
}

@article{int11sicher,
	title={Internet-Sicherheit: Einführung, Grundlagen, Vorgehensweise},
	label =  {BSIDI},
	journal={Bundesamt für Sicherheit in der Informationstechnik},
	publisher={ISi-Projektgruppe},
	year={2011}
}

@article{eberspacher1994sichere,
	title={Sichere Daten, sichere Kommunikation},
	author={Ebersp{\"a}cher, J{\"o}rg},
	journal={Secure Infor-mation, Secure Communication. Datenschutz und Datensicherheit in Tele-kommunikations-und Informationssystemen. Privacy and Information Security in Communication and Information Systems, Berlin, Heidelberg, New York},
	year={1994}
}

@incollection{spies1985datenschutz,
	title={Datenschutz und Datensicherung im Wandel der Informationstechnologien},
	author={Spies, Peter Paul},
	booktitle={Datenschutz und Datensicherung im Wandel der Informationstechnologien},
	year={1985},
	publisher={Springer}
}

@book{gora2003handbuch,
	title={Handbuch IT-Sicherheit: Strategien, Grundlagen und Projekte},
	author={Gora, Walter},
	year={2003},
	publisher={Addison-Wesley}
}

@Misc{dtint2007,
	author = {{Bundesamt für Sicherheit in der Informationstechnik}},
	title =  {Glossar und Begriffsdefinitionen},
	year =   {2007},
	label =  {BFSI},
	url =    {https://www.bsi.bund.de/DE/Themen/ITGrundschutz/ITGrundschutzKataloge/Inhalt/Glossar/glossar_node.html}
}

@Misc{secupedia11,
	author = {{Oliver Wege}},
	title =  {Verbindlichkeit},
	year =   {2011},
	label =  {SePe},
	url =    {https://www.secupedia.info/wiki/Verbindlichkeit}
}

@Misc{dsba2018,
	author = {{Datenschutzbeauftragter}},
	title =  {Pseudonymisierung – was ist das eigentlich?},
	year =   {2018},
	label =  {DsBa},
	url =    {https://www.datenschutzbeauftragter-info.de/pseudonymisierung-was-ist-das-eigentlich/}
}

@incollection{nowey2011einleitung,
	title={Einleitung},
	author={Nowey, Thomas},
	booktitle={Konzeption eines Systems zur {\"u}berbetrieblichen Sammlung und Nutzung von quantitativen Daten {\"u}ber Informationssicherheitsvorf{\"a}lle},
	year={2011},
	publisher={Springer}
}

@Misc{hack17,
	author = {Peter Schmitz},
	title =  {Was ist ein Hacker?},
	year =   {2017},
	label =  {Sch},
	url =    {https://www.security-insider.de/was-ist-ein-hacker-a-596399/}
}

@Misc{hack11,
	author = {Prof. Mag. Dr. Helmut Siller},
	title =  {Hacker – Definition},
	year =   {2011},
	label =  {Sill},
	url =    {https://wirtschaftslexikon.gabler.de/definition/hacker-53395}
}

@Misc{scriptkiddie11,
	author = {Techopedia},
	title =  {Script Kiddie},
	year =   {2011},
	label =  {TSC},
	url =    {https://www.techopedia.com/definition/4090/script-kiddie}
}

@Misc{nsa14,
	author = {Techopedia},
	title =  {{National Security Agency (NSA)}},
	year =   {2014},
	label =  {TNSA},
	url =    {https://www.techopedia.com/definition/15146/national-security-agency-nsa}
}

@Misc{spy12,
	author = {Cyberpedia},
	title =  {{What is Spyware?}},
	year =   {2012},
	label =  {CPSW},
	url =    {https://www.paloaltonetworks.com/cyberpedia/what-is-spyware}
}

@Misc{phishing17ph,
	author = {Phishing.org},
	title =  {{What is Phishing?}},
	year =   {2017},
	label =  {PHS},
	url =    {http://www.phishing.org/what-is-phishing}
}

@Misc{botnetz17symantec,
	author = {Mitarbeiter von Symantec},
	title =  {{Was ist ein Botnet?}},
	year =   {2017},
	label =  {BN},
	url =    {https://de.norton.com/internetsecurity-malware-what-is-a-botnet.html}
}

@Misc{oop15beal,
	author = {Vangie Beal},
	title =  {{OOP – Object Oriented Programming}},
	year =   {2015},
	label =  {OOP},
	url =    {https://www.webopedia.com/TERM/O/object_oriented_programming_OOP.html}
}

@Misc{java18beal,
	author = {Vangie Beal},
	title =  {{Java}},
	year =   {2018},
	label =  {J},
	url =    {https://www.webopedia.com/TERM/J/Java.html}
}

@book{wolff2016microservices,
	title={Microservices: flexible software architecture},
	author={Wolff, Eberhard},
	year={2016},
	publisher={Addison-Wesley Professional}
}

@Misc{tp12mvc,
	author = {Tutorials Point},
	title =  {{Spring - MVC Framework}},
	year =   {2012},
	label =  {MVC},
	url =    {https://www.tutorialspoint.com/spring/spring_web_mvc_framework.htm}
}

@Misc{rws13od,
	author = {Oracle Docs},
	title =  {{What Are RESTful Web Services?}},
	year =   {2013},
	label =  {RWS},
	url =    {https://docs.oracle.com/javaee/6/tutorial/doc/gijqy.html}
}

@Misc{srd18wilkinson,
	author = {Andy Wilkinson},
	title =  {{Spring REST Docs}},
	year =   {2018},
	url =    {https://docs.spring.io/spring-restdocs/docs/2.0.2.RELEASE/reference/html5/}
}

@Misc{openapi13def,
	author = {Swagger},
	title =  {{What Is OpenAPI?}},
	year =   {2017},
	url =    {https://swagger.io/docs/specification/about/}
}

@Misc{owasp18def,
	author = {OWASP},
	title =  {{OWASP Zed Attack Proxy Project}},
	year =   {2018},
	label =  {OZ},
	url =    {https://www.owasp.org/index.php/OWASP_Zed_Attack_Proxy_Project}
}

@Misc{owaspfunktionen18,
	author = {Joos, Thomas and Schmitz, Peter},
	title =  {{Tool-Tipp: OWASP Zed Attack Proxy (ZAP)- Sicherheit für Web­an­wen­dungen mit Zed Attack Proxy}},
	year =   {2018},
	url =    {https://www.security-insider.de/sicherheit-fuer-webanwendungen-mit-zed-attack-proxy-a-728630/}
}


@incollection{owasp17top10,
	title={OWASP Top 10},
	author={OWASP},
	booktitle={The Ten Most Critical Web Application Security Risks},
	year={2017},
	publisher={Creative Commons}
}

@Misc{zaed08,
	author = {PHP.NET},
	title =  {{Zugriff auf entfernte Dateien}},
	year =   {2008},
	label =  {ZED},
	url =    {http://php.net/manual/de/features.remote-files.php}
}

@Misc{cj16,
	author = {Avira},
	title =  {{Clickjacking}},
	year =   {2016},
	url =    {https://www.avira.com/de/security-term/t/clickjacking/id/11}
}

@Misc{cjd13,
	title =  {{Was ist Clickjacking?}},
	year =   {2013},
	label =  {CJ},
	url =    {https://technik.blogbasis.net/was-ist-clickjacking-06-04-2013}
}

@Misc{vcinj16,
	title =  {{Sql Injection Cheat Sheet and Tutorial}},
	author = {Veracode},
	year =   {2016},
	url =    {https://www.veracode.com/security/sql-injection}
}

@incollection{nowey2011einleitung,
	title={{Bundesamt für Sicherheit in der Informationstechnik}},
	author={BSI},
	booktitle={},
	year={2003},
	publisher={}
}

@article{pt03bsi,
	title={{Studie - Durchführungskonzept für Penetrationstests}},
	label =  {BSI},
	journal={Bundesamt für Sicherheit in der Informationstechnik},
	publisher={BSI},
	year={2003}
}

@article{meucci2008owasp,
	title={OWASP Testing Guide, v3},
	author={Meucci, Matteo and Keary, Eoin and Cuthbert, Daniel and others},
	journal={OWASP Foundation},
	volume={16},
	year={2008}
}

@article{scarfone2008technical,
	title={Technical guide to information security testing and assessment},
	author={Scarfone, Karen and Souppaya, Murugiah and Cody, Amanda and Orebaugh, Angela},
	journal={NIST Special Publication},
	volume={800},
	number={115},
	pages={2--25},
	year={2008}
}

@Misc{bwgtesting16,
	title =  {{Black box, grey box, white box testing: what differences?}},
	author = {Lucie Saunois},
	year =   {2016},
	url =    {https://www.nbs-system.com/en/blog/black-box-grey-box-white-box-testing-what-differences/}
}

@article{meucci2016owasp,
	title={OWASP Testing Guide, v4},
	author={Meucci, Matteo and Andrew Muller},
	journal={OWASP Foundation},
	year={2016}
}

@book{northcutt2006,
	title={Penetration testing: Assessing your overall security before attackers do.},
	author={Northcutt, Stephen and Shenk, Jerry and Shackleford, Dave and Rosenberg, Tim and Siles, Raul and Mancini, Steve},
	year={2006},
	publisher={SANS Institute Reading Room}
}

@inproceedings{ke2009using,
	title={Using w3af to achieve automated penetration testing by live DVD/live USB},
	author={Ke, Jiun-Kai and Yang, Chung-Huang and Ahn, Tae-Nam},
	booktitle={Proceedings of the 2009 International Conference on Hybrid Information Technology},
	pages={460--464},
	year={2009},
	organization={ACM}
}

@article{bacudio2011overview,
	title={An overview of penetration testing},
	author={Bacudio, Aileen G and Yuan, Xiaohong and Chu, Bei-Tseng Bill and Jones, Monique},
	journal={International Journal of Network Security \& Its Applications},
	volume={3},
	year={2011},
	publisher={Academy \& Industry Research Collaboration Center (AIRCC)}
}

@misc{wack2003guideline,
	title={Guideline on Network Security Testing (NIST Special Publication 800-42)},
	author={Wack, John and Tracy, Miles and Souppaya, Murugiah},
	year={2003},
	publisher={October}
}

@article{shewmaker2008introduction,
	title={Introduction to network penetration testing},
	author={Shewmaker, James},
	journal={The 7th Annual IT Security Awareness Fair},
	year={2008}
}

@book{osborne2006cheat,
	title={How to cheat at managing information security},
	author={Osborne, Mark},
	year={2006},
	publisher={Elsevier}
}

@article{yeo2013using,
	title={Using penetration testing to enhance your company's security},
	author={Yeo, John},
	journal={Computer Fraud \& Security},
	volume={2013},
	number={4},
	year={2013},
	publisher={Elsevier}
}

@book{whitaker2005penetration,
	title={Penetration testing and network defense},
	author={Whitaker, Andrew and Newman, Daniel P},
	year={2005},
	publisher={Cisco Press}
}

@book{tiller2004ethical,
	title={The ethical hack: a framework for business value penetration testing},
	author={Tiller, James S},
	year={2004},
	publisher={CRC Press}
}

@Misc{bwgwebtesting07,
	title =  {{Web application testing: The difference between black, gray and white box testing}},
	author = {Dan Cornell},
	year =   {2007},
	url =    {https://searchsoftwarequality.techtarget.com/tip/Web-application-testing-The-difference-between-black-gray-and-white-box-testing}
}

@book{ali2011pt,
	title={BackTrack 4: Assuring Security by Penetration Testing},
	author={S. Ali and T. Herivato},
	year={2011},
	publisher={Packt Publishing}
}

@Misc{bwgprole18,
	title =  {{White Box, Black Box, and Gray Box Vulnerability Testing: What’s the Difference and Why Does It Matter?}},
	author = {Ken Prole},
	year =   {2018},
	url =    {https://codedx.com/2018/01/black-white-and-gray-box-vulnerability-testing-code-dx-blog/}
}

@Misc{ramadhan17sqlinj,
	title =  {{Kali Linux - Linux Security: SQL Injection with Kali Linux}},
	author = {Bima Fajar Ramadhan},
	year =   {2017},
	url =    {https://linuxhint.com/sql-injection-kali-linux/}
}

@Misc{portswigger12,
	title =  {{Using Burp to Manually Test for Reflected XSS}},
	author = {Portswigger},
	year =   {2012},
	url =    {https://support.portswigger.net/customer/portal/articles/2325939-Methodology_Attacking%20Users_XSS_Using%20Burp%20to%20Manually%20Test%20For%20Reflected%20XSS.html}
}

@book{najera2016kali,
	title={Kali Linux Web Penetration Testing Cookbook},
	author={Najera-Gutierrez, Gilberto},
	year={2016},
	publisher={Packt Publishing Ltd}
}


@Misc{infosec18,
	title =  {{Finding and Exploiting XXE – XML External Entities Injection}},
	author = {Infosec Institute},
	year =   {2018},
	url =    {https://resources.infosecinstitute.com/finding-and-exploiting-xxe-xml-external-entities-injection/#gref}
}

@Misc{tpfa15,
	title =  {{Testing Broken Authentication}},
	author = {Tutorialspoint},
	year =   {2015},
	url =    {https://www.tutorialspoint.com/security_testing/testing_broken_authentication.htm}
}

@misc{owaspwasa18,
	title =  {{Introduction to OWASP ZAP for Web Application Security Assessments}},
	author = {Infosec Institute},
	year =   {2018},
	url={https://resources.infosecinstitute.com/introduction-owasp-zap-web-application-security-assessments/#gref}
}

@misc{autovorteil99,
	title =  {{Test Automation Snake Oil}},
	author = {James Bach},
	year =   {1999},
	url={http://www.satisfice.
	com/articles/test_automation_snake_oil.pdf}
}

@misc{openapi2u317,
	title =  {{A Visual Guide to What's New in Swagger 3.0}},
	author = {Gregory Koberger},
	year =   {2017},
	url={https://blog.readme.io/an-example-filled-guide-to-swagger-3-2/}
}

@misc{swagger20Github,
	title =  {{OpenAPI Specification: Version 2.0}},
	author = {OpenAPI Initiative},
	year =   {2018},
	url={https://github.com/OAI/OpenAPI-Specification/blob/master/versions/2.0.md}
}

@misc{openapi20Github,
	title =  {{OpenAPI Specification: Version 3.0}},
	author = {OpenAPI Initiative},
	year =   {2018},
	url={https://github.com/OAI/OpenAPI-Specification/blob/master/versions/3.0.0.md}
}

@misc{openapiversion17,
	title =  {{Basic Structure - Metadata}},
	author = {Swagger.io},
	year =   {2017},
	url={https://swagger.io/docs/specification/basic-structure/}
}

@misc{openapicomponents17,
	title =  {{Components Section - Components Structure}},
	author = {Swagger.io},
	year =   {2017},
	url={https://swagger.io/docs/specification/components/}
}

@misc{openapirequestbody17,
	title =  {{Describing Request Body}},
	author = {Swagger.io},
	year =   {2017},
	url={https://swagger.io/docs/specification/2-0/describing-request-body/}
}

@misc{openapiresponsebody17,
	title =  {{Describing Responses}},
	author = {Swagger.io},
	year =   {2017},
	url={https://swagger.io/docs/specification/describing-responses/}
}

@misc{openapilinks17,
	title =  {{Links}},
	author = {Swagger.io},
	year =   {2017},
	url={https://swagger.io/docs/specification/links/}
}

@misc{openapiserver17,
	title =  {{Basic Structure - Server}},
	author = {Swagger.io},
	year =   {2017},
	url={https://swagger.io/docs/specification/basic-structure/}
}

@misc{openapiapiserverundbaseurl17,
	title =  {{API Server and Base URL}},
	author = {Swagger.io},
	year =   {2017},
	url={https://swagger.io/docs/specification/api-host-and-base-path/}
}

@misc{openapicallbacks17,
	title =  {{Callbacks}},
	author = {Swagger.io},
	year =   {2017},
	url={https://swagger.io/docs/specification/callbacks/}
}

@misc{openapijsonaufbau17,
	title =  {{oneOf, anyOf, allOf, not}},
	author = {Swagger.io},
	year =   {2017},
	url={https://swagger.io/docs/specification/callbacks/}
}

@misc{openapiexample17,
	title =  {{Adding Examples}},
	author = {Swagger.io},
	year =   {2017},
	url={https://swagger.io/docs/specification/adding-examples/}
}

@misc{openapisecurity17,
	title =  {{Authentication and Authorization}},
	author = {Swagger.io},
	year =   {2017},
	url={https://swagger.io/docs/specification/authentication/}
}


@misc{fileremotevul18,
	title =  {{Unrestricted File Upload}},
	author = {Owaspzap},
	year =   {2018},
	url={https://www.owasp.org/index.php/Unrestricted_File_Upload}
}

@misc{bufferoverflow16,
	title =  {{Buffer Overflow}},
	author = {Owaspzap},
	year =   {2016},
	url={https://www.owasp.org/index.php/Buffer_Overflow}
}

@misc{bufferoverflow16,
	title =  {{Missing XML Validation}},
	author = {Owaspzap},
	year =   {2015},
	url={https://www.owasp.org/index.php/Missing_XML_Validation}
}

@misc{cvss16,
	title =  {{CVSS (Common Vulnerability Scoring System)}},
	author = {TechTarget},
	year =   {2016},
	url={https://searchsecurity.techtarget.com/definition/CVSS-Common-Vulnerability-Scoring-System}
}

@misc{cve18,
	title =  {{All About Common Vulnerabilities Exposures (CVE)}},
	author = {HTTPCS},
	year =   {2016},
	url={https://www.httpcs.com/en/cve-common-vulnerabilities-exposures}
} 

@article{wasasibm08,
	author = {Allan, D},
	title = {Web application security: automated scanning versus manual penetration testing},
	journaltitle = {IBM Software Group},
	year = {2008},
	url = {ftp://ftp.software.ibm.com/software/rational/web/whitepapers/r_wp_autoscan.pdf}
}

@article{wmpta17,
	author = {Detectify},
	title = {Why manual pentesting and automation go hand in hand},
	year = {2017},
	url = {https://blog.detectify.com/2017/08/16/manual-pentesting-automation-go-hand-hand/}
}

@article{moaast17,
	author = {Aditya Kakrania},
	title = {Manual or Automated Application Security Testing: What's More Effective?},
	year = {2017},
	url = {https://www.linkedin.com/pulse/manual-vs-automated-penetration-testing-youssef-elmalty}
}

@article{packetlabs18,
	author = {Packetlabs},
	title = {Automated Technologies vs Manual Testing},
	year = {2018},
	url = {https://www.packetlabs.net/automated-technologies-vs-manual-testing/}
}

@misc{ase17,
	title =  {{How to Prevent Server Error Messages Disclosure}},
	author = {Astra},
	year =   {2017},
	url={https://www.getastra.com/blog/knowledge-base/server-error-messages-prevention/}
} 

@misc{bofangpre16,
	title =  {{Top 5 REST API Security Guidelines}},
	author = {RestCase},
	year =   {2016},
	url={https://blog.restcase.com/top-5-rest-api-security-guidelines/}
}

@misc{xsspersistent14,
	title =  {{What is Persistent XSS - Defending Against Persistent XSS}},
	author = {ACUNETIX},
	year =   {2014},
	url={https://www.acunetix.com/blog/articles/persistent-xss/}
} 

@misc{xssreflected16,
	title =  {{Reflected Cross Site Scripting (XSS) Attacks}},
	author = {imperva Incapsula},
	year =   {2016},
	url={https://www.incapsula.com/web-application-security/reflected-xss-attacks.html}
} 


@misc{mswv17,
	title =  {{Why Security is Critical to API Testing}},
	author = {Apica},
	year =   {2017},
	url={https://www.apicasystems.com/blog/security-is-critical-to-api-testing/}
} 

@misc{whyvriticalapi17,
	title =  {{Why is it Critical to Check Security during API Testing?}},
	author = {CloudQA},
	year =   {2017},
	url={https://cloudqa.io/why-is-it-critical-to-check-security-during-api-testing/}
} 

@misc{anthonyart18,
	title =  {{Why API Security is More Important Than Ever}},
	author = {Anthony, A.},
	year =   {2018},
	url={https://nordicapis.com/why-api-security-is-more-important-than-ever/}
} 

@misc{restcaseapiimportance16,
	title =  {{Why API Testing is Important in Your Development Process}},
	author = {RestCase},
	year =   {2016},
	url={https://blog.restcase.com/why-api-testing-is-important-in-your-development-process/}
} 


